@book{norman2013design,
  author    = {Don Norman},
  title     = {The Design of Everyday Things},
  publisher = {Basic Books},
  year      = {2013},
  edition   = {Revised and Expanded Edition},
  isbn      = {9780465050659}
}

